@inproceedings{DBLP:conf/aplas/BerdineCO05,
  author    = {Josh Berdine and
               Cristiano Calcagno and
               Peter W. O'Hearn},
  editor    = {Kwangkeun Yi},
  title     = {Symbolic Execution with Separation Logic},
  booktitle = {Programming Languages and Systems, Third Asian Symposium, {APLAS}
               2005, Tsukuba, Japan, November 2-5, 2005, Proceedings},
  series    = {Lecture Notes in Computer Science},
  volume    = {3780},
  pages     = {52--68},
  publisher = {Springer},
  year      = {2005},
  url       = {https://doi.org/10.1007/11575467\_5},
  doi       = {10.1007/11575467\_5},
  timestamp = {Tue, 14 May 2019 10:00:41 +0200},
  biburl    = {https://dblp.org/rec/conf/aplas/BerdineCO05.bib},
  bibsource = {dblp computer science bibliography, https://dblp.org}
}

@inproceedings{DBLP:conf/lics/Reynolds02,
  author    = {John C. Reynolds},
  title     = {Separation Logic: {A} Logic for Shared Mutable Data Structures},
  booktitle = {17th {IEEE} Symposium on Logic in Computer Science {(LICS} 2002),
               22-25 July 2002, Copenhagen, Denmark, Proceedings},
  pages     = {55--74},
  publisher = {{IEEE} Computer Society},
  year      = {2002},
  url       = {https://doi.org/10.1109/LICS.2002.1029817},
  doi       = {10.1109/LICS.2002.1029817},
  timestamp = {Wed, 16 Oct 2019 14:14:54 +0200},
  biburl    = {https://dblp.org/rec/conf/lics/Reynolds02.bib},
  bibsource = {dblp computer science bibliography, https://dblp.org}
}

@inproceedings{DBLP:conf/cav/RakamaricE14,
  author    = {Zvonimir Rakamaric and
               Michael Emmi},
  editor    = {Armin Biere and
               Roderick Bloem},
  title     = {{SMACK:} Decoupling Source Language Details from Verifier Implementations},
  booktitle = {Computer Aided Verification - 26th International Conference, {CAV}
               2014, Held as Part of the Vienna Summer of Logic, {VSL} 2014, Vienna,
               Austria, July 18-22, 2014. Proceedings},
  series    = {Lecture Notes in Computer Science},
  volume    = {8559},
  pages     = {106--113},
  publisher = {Springer},
  year      = {2014},
  url       = {https://doi.org/10.1007/978-3-319-08867-9\_7},
  doi       = {10.1007/978-3-319-08867-9\_7},
  timestamp = {Tue, 14 May 2019 10:00:43 +0200},
  biburl    = {https://dblp.org/rec/conf/cav/RakamaricE14.bib},
  bibsource = {dblp computer science bibliography, https://dblp.org}
}